%% report.bib - contains BiBtex input for bibliography

@book{Alred03, 
	author = "G. J. Alred and C. T. Brusaw and W. E. Oliu", 
	title  = "Handbook of Technical Writing, 7th ed.", 
	publisher= "St. Martin's", 
	address= "New York", 
	year   = "2003"	}
	

@book{Goossens97, 
	author = "Michel Goossens and Frank Mittelbach and Johannes Braams and David Carlisle and Chris Rowley 
", 
	title  = "The LaTeX Companion, 2nd ed.", 
	publisher= "Addison-Wesley", 
	address= "Reading, Mass.", 
	year   = "2004"	} 

@incollection{Gull89a, 
	author = "S. F. Gull", 
	title  = "Developments in maximum-entropy data analysis", 
	booktitle= " Maximum Entropy and Bayesian Methods", 
	editor = "J. Skilling", 
	pages  = "53-71 ", 
	publisher= "Kluwer Academic, Dordrecht", 
	year   = "1989"	} 
 
@inproceedings{Hanson93c, 
	author = "K. M. Hanson", 
	title  = "Introduction to {B}ayesian image analysis", 
	booktitle= "Medical Imaging:\ Image Processing",
	editor = "M.\ H. Loew",
	series = "Proc. SPIE", 
	volume = "1898",
	pages  = "716-731", 
	month  = "Feb.",
	year   = "1993",
	note   = "[doi:10.1117/12.154577]"} 

@article{Harris06, 
	author = "A. Harris and J. J. {Sluss, Jr.} and H. H. Refai and P. G. LoPresti", 
	title  = "Free-space optical wavelength diversity scheme for fog migration in a ground-to-unmanned-aerial-vehicle communications link", 
	journal= "Opt. Eng.",  
	volume = "45", 
	pages  = "086001",
	year   = "2006",
	doi = "10.1117/1.2338565",
	note   = "[doi:10.1117/1.2338565]"} 

@book{Lamport94, 
	author = "L. Lamport", 
	title  = "LaTeX: A Document Preparation System", 
	publisher= "Addison-Wesley", 
	address= "Reading, Mass.", 
	year   = "1994"}

@article{Metropolis53, 
	author = "N. Metropolis and A. W. Rosenbluth and M. N. Rosenbluth and A. H. Teller and E. Teller", 
	title  = "Equations of state calculations by fast computing machine", 
	journal= "J. Chem. Phys.",  
	volume = "21", 
	pages  = "1087-1091", 
	year   = "1953"	} 

@book{Perelman97, 
	author = "L. C. Perelman and J. Paradis and E. Barrett", 
	title  = "Mayfield Handbook of Technical and Scientific Writing", 
	publisher= "Mountain View", 
	address= "Mayfield", 
	year   = "1997",
	note = "\linkable{http://mit.imoat.net/handbook/}"	}